<?xml version="1.0" encoding="UTF-8"?><collection xmlns="http://www.loc.gov/MARC21/slim"><record><leader>00513nam--2200157-i-4500</leader><controlfield tag="001">000001067</controlfield><controlfield tag="002">20161230</controlfield><controlfield tag="005">20170127203920</controlfield><controlfield tag="008">060222s1000------------r-----000-0-eng-d</controlfield><datafield ind1=" " ind2=" " tag="080"><subfield code="a">612.8:007(043)</subfield></datafield><datafield ind1=" " ind2=" " tag="100"><subfield code="a">Henrioud, Jean-Michel</subfield></datafield><datafield ind1=" " ind2=" " tag="245"><subfield code="a">Contribution a l approche cybernetique neurone applications au traitement de l information</subfield><subfield code="b">these</subfield></datafield><datafield ind1=" " ind2=" " tag="260"><subfield code="a">Besancon</subfield><subfield code="b">La Faculte De Sciences Et Des Tecniques De L Universite De Besacon</subfield><subfield code="c">1975</subfield></datafield><datafield ind1=" " ind2=" " tag="300"><subfield code="a">100 p</subfield></datafield><datafield ind1=" " ind2=" " tag="852"><subfield code="a">44019</subfield></datafield><datafield ind1=" " ind2=" " tag="CAT"><subfield code="a">SYS</subfield><subfield code="c">20170127</subfield><subfield code="h">203920</subfield></datafield></record></collection>